%YAML 1.1
%TAG !u! tag:unity3d.com,2011:
--- !u!1 &3270213843562801669
GameObject:
  m_ObjectHideFlags: 0
  m_CorrespondingSourceObject: {fileID: 0}
  m_PrefabInstance: {fileID: 0}
  m_PrefabAsset: {fileID: 0}
  serializedVersion: 6
  m_Component:
  - component: {fileID: 3275883494054474706}
  - component: {fileID: 3428633002643964338}
  m_Layer: 18
  m_Name: Debug
  m_TagString: Untagged
  m_Icon: {fileID: 0}
  m_NavMeshLayer: 0
  m_StaticEditorFlags: 0
  m_IsActive: 1
--- !u!4 &3275883494054474706
Transform:
  m_ObjectHideFlags: 0
  m_CorrespondingSourceObject: {fileID: 0}
  m_PrefabInstance: {fileID: 0}
  m_PrefabAsset: {fileID: 0}
  m_GameObject: {fileID: 3270213843562801669}
  serializedVersion: 2
  m_LocalRotation: {x: -0, y: -0, z: -0, w: 1}
  m_LocalPosition: {x: 0, y: 0, z: 0}
  m_LocalScale: {x: 1, y: 1, z: 1}
  m_ConstrainProportionsScale: 0
  m_Children: []
  m_Father: {fileID: 3271944323372328363}
  m_LocalEulerAnglesHint: {x: 0, y: 0, z: 0}
--- !u!212 &3428633002643964338
SpriteRenderer:
  m_ObjectHideFlags: 0
  m_CorrespondingSourceObject: {fileID: 0}
  m_PrefabInstance: {fileID: 0}
  m_PrefabAsset: {fileID: 0}
  m_GameObject: {fileID: 3270213843562801669}
  m_Enabled: 1
  m_CastShadows: 0
  m_ReceiveShadows: 0
  m_DynamicOccludee: 1
  m_StaticShadowCaster: 0
  m_MotionVectors: 1
  m_LightProbeUsage: 1
  m_ReflectionProbeUsage: 1
  m_RayTracingMode: 0
  m_RayTraceProcedural: 0
  m_RenderingLayerMask: 1
  m_RendererPriority: 0
  m_Materials:
  - {fileID: 10754, guid: 0000000000000000f000000000000000, type: 0}
  m_StaticBatchInfo:
    firstSubMesh: 0
    subMeshCount: 0
  m_StaticBatchRoot: {fileID: 0}
  m_ProbeAnchor: {fileID: 0}
  m_LightProbeVolumeOverride: {fileID: 0}
  m_ScaleInLightmap: 1
  m_ReceiveGI: 1
  m_PreserveUVs: 0
  m_IgnoreNormalsForChartDetection: 0
  m_ImportantGI: 0
  m_StitchLightmapSeams: 0
  m_SelectedEditorRenderState: 0
  m_MinimumChartSize: 4
  m_AutoUVMaxDistance: 0.5
  m_AutoUVMaxAngle: 89
  m_LightmapParameters: {fileID: 0}
  m_SortingLayerID: 600026165
  m_SortingLayer: 3
  m_SortingOrder: 5
  m_Sprite: {fileID: 21300000, guid: 894f2a335a9ab7b4b8ab8026a8eb350a, type: 2}
  m_Color: {r: 1, g: 0.5686309, b: 0.47450984, a: 0.2784314}
  m_FlipX: 0
  m_FlipY: 0
  m_DrawMode: 0
  m_Size: {x: 1, y: 1}
  m_AdaptiveModeThreshold: 0.5
  m_SpriteTileMode: 0
  m_WasSpriteAssigned: 1
  m_MaskInteraction: 0
  m_SpriteSortPoint: 0
--- !u!1 &3270246001708204497
GameObject:
  m_ObjectHideFlags: 0
  m_CorrespondingSourceObject: {fileID: 0}
  m_PrefabInstance: {fileID: 0}
  m_PrefabAsset: {fileID: 0}
  serializedVersion: 6
  m_Component:
  - component: {fileID: 3276155606840652121}
  - component: {fileID: 3295922793313448906}
  - component: {fileID: 5804566816765579583}
  - component: {fileID: 246408053924132066}
  m_Layer: 0
  m_Name: trigger zone
  m_TagString: Untagged
  m_Icon: {fileID: 0}
  m_NavMeshLayer: 0
  m_StaticEditorFlags: 0
  m_IsActive: 1
--- !u!4 &3276155606840652121
Transform:
  m_ObjectHideFlags: 0
  m_CorrespondingSourceObject: {fileID: 0}
  m_PrefabInstance: {fileID: 0}
  m_PrefabAsset: {fileID: 0}
  m_GameObject: {fileID: 3270246001708204497}
  serializedVersion: 2
  m_LocalRotation: {x: -0, y: -0, z: -0, w: 1}
  m_LocalPosition: {x: -0.31999964, y: -0.9599999, z: 0}
  m_LocalScale: {x: 1, y: 1, z: 1}
  m_ConstrainProportionsScale: 0
  m_Children: []
  m_Father: {fileID: 3272420895638124284}
  m_LocalEulerAnglesHint: {x: 0, y: 0, z: 0}
--- !u!61 &3295922793313448906
BoxCollider2D:
  m_ObjectHideFlags: 0
  m_CorrespondingSourceObject: {fileID: 0}
  m_PrefabInstance: {fileID: 0}
  m_PrefabAsset: {fileID: 0}
  m_GameObject: {fileID: 3270246001708204497}
  m_Enabled: 1
  m_Density: 1
  m_Material: {fileID: 0}
  m_IncludeLayers:
    serializedVersion: 2
    m_Bits: 0
  m_ExcludeLayers:
    serializedVersion: 2
    m_Bits: 0
  m_LayerOverridePriority: 0
  m_ForceSendLayers:
    serializedVersion: 2
    m_Bits: 4294967295
  m_ForceReceiveLayers:
    serializedVersion: 2
    m_Bits: 4294967295
  m_ContactCaptureLayers:
    serializedVersion: 2
    m_Bits: 4294967295
  m_CallbackLayers:
    serializedVersion: 2
    m_Bits: 4294967295
  m_IsTrigger: 1
  m_UsedByEffector: 0
  m_UsedByComposite: 0
  m_Offset: {x: -0.11838722, y: 0}
  m_SpriteTilingProperty:
    border: {x: 0, y: 0, z: 0, w: 0}
    pivot: {x: 0, y: 0}
    oldSize: {x: 0, y: 0}
    newSize: {x: 0, y: 0}
    adaptiveTilingThreshold: 0
    drawMode: 0
    adaptiveTiling: 0
  m_AutoTiling: 0
  serializedVersion: 2
  m_Size: {x: 0.88060665, y: 2}
  m_EdgeRadius: 0
--- !u!114 &5804566816765579583
MonoBehaviour:
  m_ObjectHideFlags: 0
  m_CorrespondingSourceObject: {fileID: 0}
  m_PrefabInstance: {fileID: 0}
  m_PrefabAsset: {fileID: 0}
  m_GameObject: {fileID: 3270246001708204497}
  m_Enabled: 1
  m_EditorHideFlags: 0
  m_Script: {fileID: 11500000, guid: 8aca6719aa564efdbd629113c0fa7e15, type: 3}
  m_Name: 
  m_EditorClassIdentifier: 
  targetLayerMask:
    serializedVersion: 2
    m_Bits: 512
  numberOfActivation: 1
  disableOnTrigger: 0
  delayDuration: 0
  activationBeginFeedback: {fileID: 0}
  activationFeedback: {fileID: 0}
  onEnterTrigger:
    m_PersistentCalls:
      m_Calls:
      - m_Target: {fileID: 208049924109081875}
        m_TargetAssemblyTypeName: MoreMountains.CorgiEngine.MovingPlatform, MoreMountains.CorgiEngine
        m_MethodName: AuthorizeMovement
        m_Mode: 1
        m_Arguments:
          m_ObjectArgument: {fileID: 0}
          m_ObjectArgumentAssemblyTypeName: UnityEngine.Object, UnityEngine
          m_IntArgument: 0
          m_FloatArgument: 0
          m_StringArgument: 
          m_BoolArgument: 0
        m_CallState: 2
      - m_Target: {fileID: 256160852101476504}
        m_TargetAssemblyTypeName: MoreMountains.Feedbacks.MMF_Player, MoreMountains.Feedbacks
        m_MethodName: PlayFeedbacks
        m_Mode: 1
        m_Arguments:
          m_ObjectArgument: {fileID: 0}
          m_ObjectArgumentAssemblyTypeName: UnityEngine.Object, UnityEngine
          m_IntArgument: 0
          m_FloatArgument: 0
          m_StringArgument: 
          m_BoolArgument: 0
        m_CallState: 2
--- !u!114 &246408053924132066
MonoBehaviour:
  m_ObjectHideFlags: 0
  m_CorrespondingSourceObject: {fileID: 0}
  m_PrefabInstance: {fileID: 0}
  m_PrefabAsset: {fileID: 0}
  m_GameObject: {fileID: 3270246001708204497}
  m_Enabled: 1
  m_EditorHideFlags: 0
  m_Script: {fileID: 11500000, guid: 76891b3b532f84acaaeed44c357bd00c, type: 3}
  m_Name: 
  m_EditorClassIdentifier: 
  TargetLayerMask:
    serializedVersion: 2
    m_Bits: 0
  ApplyDamageOnTriggerEnter: 1
  ApplyDamageOnTriggerStay: 1
  MinDamageCaused: 100
  MaxDamageCaused: 10
  TypedDamages: []
  DamageCausedKnockbackType: 0
  DamageCausedKnockbackDirection: 0
  DamageCausedKnockbackForce: {x: 10, y: 2}
  InvincibilityDuration: 0.5
  RepeatDamageOverTime: 0
  AmountOfRepeats: 3
  DurationBetweenRepeats: 1
  DamageOverTimeInterruptible: 1
  RepeatedDamageType: {fileID: 0}
  DamageTakenEveryTime: 0
  DamageTakenDamageable: 0
  DamageTakenNonDamageable: 0
  DamageTakenKnockbackType: 0
  DamageTakenKnockbackDirection: 0
  DamageTakenKnockbackForce: {x: 0, y: 0}
  DamageTakenInvincibilityDuration: 0.5
  HitDamageableFeedback: {fileID: 0}
  HitNonDamageableFeedback: {fileID: 0}
  FreezeFramesOnHitDuration: 0
  Owner: {fileID: 0}
--- !u!1 &3270448827889656281
GameObject:
  m_ObjectHideFlags: 0
  m_CorrespondingSourceObject: {fileID: 0}
  m_PrefabInstance: {fileID: 0}
  m_PrefabAsset: {fileID: 0}
  serializedVersion: 6
  m_Component:
  - component: {fileID: 3276360016138236492}
  - component: {fileID: 3295187244263371531}
  m_Layer: 17
  m_Name: Crush Hitbox
  m_TagString: Untagged
  m_Icon: {fileID: 0}
  m_NavMeshLayer: 0
  m_StaticEditorFlags: 0
  m_IsActive: 1
--- !u!4 &3276360016138236492
Transform:
  m_ObjectHideFlags: 0
  m_CorrespondingSourceObject: {fileID: 0}
  m_PrefabInstance: {fileID: 0}
  m_PrefabAsset: {fileID: 0}
  m_GameObject: {fileID: 3270448827889656281}
  serializedVersion: 2
  m_LocalRotation: {x: 0, y: 0, z: 0, w: 1}
  m_LocalPosition: {x: 0, y: -0.32, z: 0}
  m_LocalScale: {x: 1, y: 1, z: 1}
  m_ConstrainProportionsScale: 0
  m_Children: []
  m_Father: {fileID: 3272420895638124284}
  m_LocalEulerAnglesHint: {x: 0, y: -0, z: -0}
--- !u!61 &3295187244263371531
BoxCollider2D:
  m_ObjectHideFlags: 0
  m_CorrespondingSourceObject: {fileID: 0}
  m_PrefabInstance: {fileID: 0}
  m_PrefabAsset: {fileID: 0}
  m_GameObject: {fileID: 3270448827889656281}
  m_Enabled: 1
  m_Density: 1
  m_Material: {fileID: 0}
  m_IncludeLayers:
    serializedVersion: 2
    m_Bits: 0
  m_ExcludeLayers:
    serializedVersion: 2
    m_Bits: 0
  m_LayerOverridePriority: 0
  m_ForceSendLayers:
    serializedVersion: 2
    m_Bits: 4294967295
  m_ForceReceiveLayers:
    serializedVersion: 2
    m_Bits: 4294967295
  m_ContactCaptureLayers:
    serializedVersion: 2
    m_Bits: 4294967295
  m_CallbackLayers:
    serializedVersion: 2
    m_Bits: 4294967295
  m_IsTrigger: 0
  m_UsedByEffector: 0
  m_UsedByComposite: 0
  m_Offset: {x: -0.0004274845, y: 0.15119913}
  m_SpriteTilingProperty:
    border: {x: 0, y: 0, z: 0, w: 0}
    pivot: {x: 0, y: 0}
    oldSize: {x: 0, y: 0}
    newSize: {x: 0, y: 0}
    adaptiveTilingThreshold: 0
    drawMode: 0
    adaptiveTiling: 0
  m_AutoTiling: 0
  serializedVersion: 2
  m_Size: {x: 1.3014903, y: 0.30352408}
  m_EdgeRadius: 0
--- !u!1 &3270470750913372888
GameObject:
  m_ObjectHideFlags: 0
  m_CorrespondingSourceObject: {fileID: 0}
  m_PrefabInstance: {fileID: 0}
  m_PrefabAsset: {fileID: 0}
  serializedVersion: 6
  m_Component:
  - component: {fileID: 3271944323372328363}
  - component: {fileID: 3429220165568920207}
  - component: {fileID: 7038825268005434958}
  m_Layer: 18
  m_Name: Sprite
  m_TagString: Untagged
  m_Icon: {fileID: 0}
  m_NavMeshLayer: 0
  m_StaticEditorFlags: 0
  m_IsActive: 1
--- !u!4 &3271944323372328363
Transform:
  m_ObjectHideFlags: 0
  m_CorrespondingSourceObject: {fileID: 0}
  m_PrefabInstance: {fileID: 0}
  m_PrefabAsset: {fileID: 0}
  m_GameObject: {fileID: 3270470750913372888}
  serializedVersion: 2
  m_LocalRotation: {x: 0, y: 0, z: 0, w: 1}
  m_LocalPosition: {x: 0, y: 0, z: 0}
  m_LocalScale: {x: 4, y: 1, z: 1}
  m_ConstrainProportionsScale: 0
  m_Children:
  - {fileID: 3275883494054474706}
  m_Father: {fileID: 3272420895638124284}
  m_LocalEulerAnglesHint: {x: 0, y: -0, z: -0}
--- !u!212 &3429220165568920207
SpriteRenderer:
  m_ObjectHideFlags: 0
  m_CorrespondingSourceObject: {fileID: 0}
  m_PrefabInstance: {fileID: 0}
  m_PrefabAsset: {fileID: 0}
  m_GameObject: {fileID: 3270470750913372888}
  m_Enabled: 1
  m_CastShadows: 0
  m_ReceiveShadows: 0
  m_DynamicOccludee: 1
  m_StaticShadowCaster: 0
  m_MotionVectors: 1
  m_LightProbeUsage: 1
  m_ReflectionProbeUsage: 1
  m_RayTracingMode: 0
  m_RayTraceProcedural: 0
  m_RenderingLayerMask: 1
  m_RendererPriority: 0
  m_Materials:
  - {fileID: 10754, guid: 0000000000000000f000000000000000, type: 0}
  m_StaticBatchInfo:
    firstSubMesh: 0
    subMeshCount: 0
  m_StaticBatchRoot: {fileID: 0}
  m_ProbeAnchor: {fileID: 0}
  m_LightProbeVolumeOverride: {fileID: 0}
  m_ScaleInLightmap: 1
  m_ReceiveGI: 1
  m_PreserveUVs: 0
  m_IgnoreNormalsForChartDetection: 0
  m_ImportantGI: 0
  m_StitchLightmapSeams: 0
  m_SelectedEditorRenderState: 0
  m_MinimumChartSize: 4
  m_AutoUVMaxDistance: 0.5
  m_AutoUVMaxAngle: 89
  m_LightmapParameters: {fileID: 0}
  m_SortingLayerID: 600026165
  m_SortingLayer: 3
  m_SortingOrder: 0
  m_Sprite: {fileID: 21300000, guid: 894f2a335a9ab7b4b8ab8026a8eb350a, type: 2}
  m_Color: {r: 1, g: 0.83921576, b: 0.47450984, a: 1}
  m_FlipX: 0
  m_FlipY: 0
  m_DrawMode: 0
  m_Size: {x: 1, y: 1}
  m_AdaptiveModeThreshold: 0.5
  m_SpriteTileMode: 0
  m_WasSpriteAssigned: 1
  m_MaskInteraction: 0
  m_SpriteSortPoint: 0
--- !u!114 &7038825268005434958
MonoBehaviour:
  m_ObjectHideFlags: 0
  m_CorrespondingSourceObject: {fileID: 0}
  m_PrefabInstance: {fileID: 0}
  m_PrefabAsset: {fileID: 0}
  m_GameObject: {fileID: 3270470750913372888}
  m_Enabled: 1
  m_EditorHideFlags: 0
  m_Script: {fileID: 11500000, guid: 997f9789301d5734ba14361be57d8af3, type: 3}
  m_Name: 
  m_EditorClassIdentifier: 
  theme: {fileID: 11400000, guid: f2cef5a4a549f0a4cb265ab33c20ccfc, type: 2}
  colorType: 1
--- !u!1 &3270737881593316180
GameObject:
  m_ObjectHideFlags: 0
  m_CorrespondingSourceObject: {fileID: 0}
  m_PrefabInstance: {fileID: 0}
  m_PrefabAsset: {fileID: 0}
  serializedVersion: 6
  m_Component:
  - component: {fileID: 3276329167386105063}
  - component: {fileID: 3188730326986994037}
  - component: {fileID: 256160852101476504}
  m_Layer: 8
  m_Name: Trap Fall Feedback
  m_TagString: Untagged
  m_Icon: {fileID: 0}
  m_NavMeshLayer: 0
  m_StaticEditorFlags: 0
  m_IsActive: 1
--- !u!4 &3276329167386105063
Transform:
  m_ObjectHideFlags: 0
  m_CorrespondingSourceObject: {fileID: 0}
  m_PrefabInstance: {fileID: 0}
  m_PrefabAsset: {fileID: 0}
  m_GameObject: {fileID: 3270737881593316180}
  serializedVersion: 2
  m_LocalRotation: {x: 0, y: 0, z: 0, w: 1}
  m_LocalPosition: {x: 0, y: 0, z: 0}
  m_LocalScale: {x: 1, y: 1, z: 1}
  m_ConstrainProportionsScale: 0
  m_Children: []
  m_Father: {fileID: 3272420895638124284}
  m_LocalEulerAnglesHint: {x: 0, y: -0, z: -0}
--- !u!82 &3188730326986994037
AudioSource:
  m_ObjectHideFlags: 0
  m_CorrespondingSourceObject: {fileID: 0}
  m_PrefabInstance: {fileID: 0}
  m_PrefabAsset: {fileID: 0}
  m_GameObject: {fileID: 3270737881593316180}
  m_Enabled: 1
  serializedVersion: 4
  OutputAudioMixerGroup: {fileID: -3165942800488051908, guid: 7e984f512e89b60468e829489e8883e3,
    type: 2}
  m_audioClip: {fileID: 8300000, guid: 8ab8eb99b9e359142b36bbc687ad8811, type: 3}
  m_PlayOnAwake: 0
  m_Volume: 1
  m_Pitch: 1
  Loop: 0
  Mute: 0
  Spatialize: 0
  SpatializePostEffects: 0
  Priority: 128
  DopplerLevel: 1
  MinDistance: 1
  MaxDistance: 500
  Pan2D: 0
  rolloffMode: 0
  BypassEffects: 0
  BypassListenerEffects: 0
  BypassReverbZones: 0
  rolloffCustomCurve:
    serializedVersion: 2
    m_Curve:
    - serializedVersion: 3
      time: 0
      value: 1
      inSlope: 0
      outSlope: 0
      tangentMode: 0
      weightedMode: 0
      inWeight: 0.33333334
      outWeight: 0.33333334
    - serializedVersion: 3
      time: 1
      value: 0
      inSlope: 0
      outSlope: 0
      tangentMode: 0
      weightedMode: 0
      inWeight: 0.33333334
      outWeight: 0.33333334
    m_PreInfinity: 2
    m_PostInfinity: 2
    m_RotationOrder: 4
  panLevelCustomCurve:
    serializedVersion: 2
    m_Curve:
    - serializedVersion: 3
      time: 0
      value: 0
      inSlope: 0
      outSlope: 0
      tangentMode: 0
      weightedMode: 0
      inWeight: 0.33333334
      outWeight: 0.33333334
    m_PreInfinity: 2
    m_PostInfinity: 2
    m_RotationOrder: 4
  spreadCustomCurve:
    serializedVersion: 2
    m_Curve:
    - serializedVersion: 3
      time: 0
      value: 0
      inSlope: 0
      outSlope: 0
      tangentMode: 0
      weightedMode: 0
      inWeight: 0.33333334
      outWeight: 0.33333334
    m_PreInfinity: 2
    m_PostInfinity: 2
    m_RotationOrder: 4
  reverbZoneMixCustomCurve:
    serializedVersion: 2
    m_Curve:
    - serializedVersion: 3
      time: 0
      value: 1
      inSlope: 0
      outSlope: 0
      tangentMode: 0
      weightedMode: 0
      inWeight: 0.33333334
      outWeight: 0.33333334
    m_PreInfinity: 2
    m_PostInfinity: 2
    m_RotationOrder: 4
--- !u!114 &256160852101476504
MonoBehaviour:
  m_ObjectHideFlags: 0
  m_CorrespondingSourceObject: {fileID: 0}
  m_PrefabInstance: {fileID: 0}
  m_PrefabAsset: {fileID: 0}
  m_GameObject: {fileID: 3270737881593316180}
  m_Enabled: 1
  m_EditorHideFlags: 0
  m_Script: {fileID: 11500000, guid: 6da43522623d4704e979466dc7650b65, type: 3}
  m_Name: 
  m_EditorClassIdentifier: 
  Feedbacks: []
  InitializationMode: 2
  AutoInitialization: 1
  SafeMode: 3
  Direction: 0
  AutoChangeDirectionOnEnd: 0
  AutoPlayOnStart: 0
  AutoPlayOnEnable: 0
  ForceTimescaleMode: 0
  ForcedTimescaleMode: 1
  DurationMultiplier: 1
  RandomizeDuration: 0
  RandomDurationMultiplier: {x: 0.5, y: 1.5}
  DisplayFullDurationDetails: 0
  PlayerTimescaleMode: 1
  OnlyPlayIfWithinRange: 0
  RangeCenter: {fileID: 0}
  RangeDistance: 5
  UseRangeFalloff: 0
  RangeFalloff:
    serializedVersion: 2
    m_Curve:
    - serializedVersion: 3
      time: 0
      value: 1
      inSlope: 0
      outSlope: 0
      tangentMode: 0
      weightedMode: 0
      inWeight: 0
      outWeight: 0
    - serializedVersion: 3
      time: 1
      value: 0
      inSlope: 0
      outSlope: 0
      tangentMode: 0
      weightedMode: 0
      inWeight: 0
      outWeight: 0
    m_PreInfinity: 2
    m_PostInfinity: 2
    m_RotationOrder: 4
  RemapRangeFalloff: {x: 0, y: 1}
  IgnoreRangeEvents: 0
  CooldownDuration: 0
  InitialDelay: 0
  CanPlay: 1
  CanPlayWhileAlreadyPlaying: 1
  ChanceToPlay: 100
  FeedbacksIntensity: 1
  Events:
    TriggerMMFeedbacksEvents: 0
    TriggerUnityEvents: 1
    OnPlay:
      m_PersistentCalls:
        m_Calls: []
    OnPause:
      m_PersistentCalls:
        m_Calls: []
    OnResume:
      m_PersistentCalls:
        m_Calls: []
    OnRevert:
      m_PersistentCalls:
        m_Calls: []
    OnComplete:
      m_PersistentCalls:
        m_Calls: []
    OnRestoreInitialValues:
      m_PersistentCalls:
        m_Calls: []
    OnSkipToTheEnd:
      m_PersistentCalls:
        m_Calls: []
  DebugActive: 0
  FeedbacksList:
  - rid: 584268454105186305
  KeepPlayModeChanges: 0
  PerformanceMode: 0
  StopFeedbacksOnDisable: 0
  PlayCount: 0
  references:
    version: 2
    RefIds:
    - rid: 584268454105186305
      type: {class: MMF_AudioSource, ns: MoreMountains.Feedbacks, asm: MoreMountains.Feedbacks}
      data:
        Active: 1
        UniqueID: -1123045986
        Label: AudioSource
        ChannelMode: 0
        Channel: 0
        MMChannelDefinition: {fileID: 0}
        Chance: 100
        DisplayColor: {r: 0, g: 0, b: 0, a: 1}
        Timing:
          TimescaleMode: 0
          ExcludeFromHoldingPauses: 0
          ContributeToTotalDuration: 1
          InitialDelay: 0
          CooldownDuration: 0
          InterruptsOnStop: 1
          NumberOfRepeats: 0
          RepeatForever: 0
          DelayBetweenRepeats: 1
          MMFeedbacksDirectionCondition: 0
          PlayDirection: 0
          ConstantIntensity: 0
          UseIntensityInterval: 0
          IntensityIntervalMin: 0
          IntensityIntervalMax: 0
          Sequence: {fileID: 0}
          TrackID: 0
          Quantized: 0
          TargetBPM: 120
        AutomatedTargetAcquisition:
          Mode: 0
          ChildIndex: 0
        RandomizeOutput: 0
        RandomMultiplier: {x: 0.8, y: 1}
        RandomizeDuration: 0
        RandomDurationMultiplier: {x: 0.5, y: 2}
        UseRange: 0
        RangeDistance: 5
        UseRangeFalloff: 0
        RangeFalloff:
          serializedVersion: 2
          m_Curve:
          - serializedVersion: 3
            time: 0
            value: 1
            inSlope: 0
            outSlope: 0
            tangentMode: 0
            weightedMode: 0
            inWeight: 0
            outWeight: 0
          - serializedVersion: 3
            time: 1
            value: 0
            inSlope: 0
            outSlope: 0
            tangentMode: 0
            weightedMode: 0
            inWeight: 0
            outWeight: 0
          m_PreInfinity: 2
          m_PostInfinity: 2
          m_RotationOrder: 4
        RemapRangeFalloff: {x: 0, y: 1}
        Owner: {fileID: 256160852101476504}
        DebugActive: 0
        TargetAudioSource: {fileID: 3188730326986994037}
        Mode: 0
        RandomSfx:
        - {fileID: 8300000, guid: 8ab8eb99b9e359142b36bbc687ad8811, type: 3}
        MinVolume: 1
        MaxVolume: 1
        MinPitch: 1
        MaxPitch: 1
        SfxAudioMixerGroup: {fileID: -3165942800488051908, guid: 7e984f512e89b60468e829489e8883e3,
          type: 2}
--- !u!1 &3271023673723321037
GameObject:
  m_ObjectHideFlags: 0
  m_CorrespondingSourceObject: {fileID: 0}
  m_PrefabInstance: {fileID: 0}
  m_PrefabAsset: {fileID: 0}
  serializedVersion: 6
  m_Component:
  - component: {fileID: 3272420895638124284}
  - component: {fileID: 3295207510724292757}
  - component: {fileID: 3301738545147240982}
  - component: {fileID: 208049924109081875}
  m_Layer: 8
  m_Name: crush block 2x2_1
  m_TagString: Untagged
  m_Icon: {fileID: 0}
  m_NavMeshLayer: 0
  m_StaticEditorFlags: 0
  m_IsActive: 1
--- !u!4 &3272420895638124284
Transform:
  m_ObjectHideFlags: 0
  m_CorrespondingSourceObject: {fileID: 0}
  m_PrefabInstance: {fileID: 0}
  m_PrefabAsset: {fileID: 0}
  m_GameObject: {fileID: 3271023673723321037}
  serializedVersion: 2
  m_LocalRotation: {x: -0, y: -0, z: -0, w: 1}
  m_LocalPosition: {x: 5.7599998, y: 0.79999995, z: 0}
  m_LocalScale: {x: 1, y: 1, z: 1}
  m_ConstrainProportionsScale: 0
  m_Children:
  - {fileID: 3276155606840652121}
  - {fileID: 3271944323372328363}
  - {fileID: 3276329167386105063}
  - {fileID: 3276360016138236492}
  m_Father: {fileID: 0}
  m_LocalEulerAnglesHint: {x: 0, y: 0, z: 0}
--- !u!61 &3295207510724292757
BoxCollider2D:
  m_ObjectHideFlags: 0
  m_CorrespondingSourceObject: {fileID: 0}
  m_PrefabInstance: {fileID: 0}
  m_PrefabAsset: {fileID: 0}
  m_GameObject: {fileID: 3271023673723321037}
  m_Enabled: 1
  m_Density: 1
  m_Material: {fileID: 0}
  m_IncludeLayers:
    serializedVersion: 2
    m_Bits: 0
  m_ExcludeLayers:
    serializedVersion: 2
    m_Bits: 0
  m_LayerOverridePriority: 0
  m_ForceSendLayers:
    serializedVersion: 2
    m_Bits: 4294967295
  m_ForceReceiveLayers:
    serializedVersion: 2
    m_Bits: 4294967295
  m_ContactCaptureLayers:
    serializedVersion: 2
    m_Bits: 4294967295
  m_CallbackLayers:
    serializedVersion: 2
    m_Bits: 4294967295
  m_IsTrigger: 0
  m_UsedByEffector: 0
  m_UsedByComposite: 0
  m_Offset: {x: 0, y: 0}
  m_SpriteTilingProperty:
    border: {x: 0, y: 0, z: 0, w: 0}
    pivot: {x: 0.5, y: 0.5}
    oldSize: {x: 1, y: 5}
    newSize: {x: 1, y: 5}
    adaptiveTilingThreshold: 0.5
    drawMode: 0
    adaptiveTiling: 0
  m_AutoTiling: 0
  serializedVersion: 2
  m_Size: {x: 1.27, y: 0.3}
  m_EdgeRadius: 0
--- !u!50 &3301738545147240982
Rigidbody2D:
  serializedVersion: 4
  m_ObjectHideFlags: 0
  m_CorrespondingSourceObject: {fileID: 0}
  m_PrefabInstance: {fileID: 0}
  m_PrefabAsset: {fileID: 0}
  m_GameObject: {fileID: 3271023673723321037}
  m_BodyType: 1
  m_Simulated: 1
  m_UseFullKinematicContacts: 0
  m_UseAutoMass: 0
  m_Mass: 1
  m_LinearDrag: 0
  m_AngularDrag: 0.05
  m_GravityScale: 1
  m_Material: {fileID: 0}
  m_IncludeLayers:
    serializedVersion: 2
    m_Bits: 0
  m_ExcludeLayers:
    serializedVersion: 2
    m_Bits: 0
  m_Interpolate: 0
  m_SleepingMode: 1
  m_CollisionDetection: 0
  m_Constraints: 0
--- !u!114 &208049924109081875
MonoBehaviour:
  m_ObjectHideFlags: 0
  m_CorrespondingSourceObject: {fileID: 0}
  m_PrefabInstance: {fileID: 0}
  m_PrefabAsset: {fileID: 0}
  m_GameObject: {fileID: 3271023673723321037}
  m_Enabled: 1
  m_EditorHideFlags: 0
  m_Script: {fileID: 11500000, guid: 2e9a0571a618b5d4680ffd26656dbde7, type: 3}
  m_Name: 
  m_EditorClassIdentifier: 
  CycleOption: 2
  LoopInitialMovementDirection: 0
  PathElements:
  - PathElementPosition: {x: 0, y: 0, z: 0}
    Delay: 0
  - PathElementPosition: {x: 0, y: -2.56, z: 0}
    Delay: 0
  AlignmentMode: 0
  MovementSpeed: 4
  AccelerationType: 0
  Acceleration:
    serializedVersion: 2
    m_Curve:
    - serializedVersion: 3
      time: 0
      value: 1
      inSlope: 0
      outSlope: 0
      tangentMode: 0
      weightedMode: 0
      inWeight: 0
      outWeight: 0
    - serializedVersion: 3
      time: 1
      value: 0
      inSlope: 0
      outSlope: 0
      tangentMode: 0
      weightedMode: 0
      inWeight: 0
      outWeight: 0
    m_PreInfinity: 2
    m_PostInfinity: 2
    m_RotationOrder: 4
  UpdateMode: 0
  MinDistanceToGoal: 0.001
  OnlyMovesWhenPlayerIsColliding: 0
  OnlyMovesWhenCharacterIsColliding: 0
  ResetPositionWhenPlayerRespawns: 0
  ScriptActivated: 1
  StartMovingWhenPlayerIsColliding: 0
  ToggleButton: 0
  ChangeDirectionButton: 0
  ResetEndReachedButton: 0
  MoveTowardsStartButton: 0
  MoveTowardsEndButton: 0
  PointReachedFeedback: {fileID: 0}
  EndReachedFeedback: {fileID: 0}
  OnCharacterEnter:
    m_PersistentCalls:
      m_Calls: []
  OnCharacterExit:
    m_PersistentCalls:
      m_Calls: []
