%YAML 1.1
%TAG !u! tag:unity3d.com,2011:
--- !u!1 &8942510308751657941
GameObject:
  m_ObjectHideFlags: 0
  m_CorrespondingSourceObject: {fileID: 0}
  m_PrefabInstance: {fileID: 0}
  m_PrefabAsset: {fileID: 0}
  serializedVersion: 6
  m_Component:
  - component: {fileID: 8719428988451321210}
  - component: {fileID: 88034100800394909}
  - component: {fileID: 3328746965633924259}
  m_Layer: 0
  m_Name: TriggerZone
  m_TagString: Untagged
  m_Icon: {fileID: 0}
  m_NavMeshLayer: 0
  m_StaticEditorFlags: 0
  m_IsActive: 1
--- !u!4 &8719428988451321210
Transform:
  m_ObjectHideFlags: 0
  m_CorrespondingSourceObject: {fileID: 0}
  m_PrefabInstance: {fileID: 0}
  m_PrefabAsset: {fileID: 0}
  m_GameObject: {fileID: 8942510308751657941}
  serializedVersion: 2
  m_LocalRotation: {x: 0, y: 0, z: 0, w: 1}
  m_LocalPosition: {x: 0, y: 1.28, z: 0}
  m_LocalScale: {x: 1, y: 1, z: 1}
  m_ConstrainProportionsScale: 0
  m_Children: []
  m_Father: {fileID: 190719472499183158}
  m_LocalEulerAnglesHint: {x: 0, y: -0, z: -0}
--- !u!61 &88034100800394909
BoxCollider2D:
  m_ObjectHideFlags: 0
  m_CorrespondingSourceObject: {fileID: 0}
  m_PrefabInstance: {fileID: 0}
  m_PrefabAsset: {fileID: 0}
  m_GameObject: {fileID: 8942510308751657941}
  m_Enabled: 1
  m_Density: 1
  m_Material: {fileID: 0}
  m_IncludeLayers:
    serializedVersion: 2
    m_Bits: 0
  m_ExcludeLayers:
    serializedVersion: 2
    m_Bits: 0
  m_LayerOverridePriority: 0
  m_ForceSendLayers:
    serializedVersion: 2
    m_Bits: 4294967295
  m_ForceReceiveLayers:
    serializedVersion: 2
    m_Bits: 4294967295
  m_ContactCaptureLayers:
    serializedVersion: 2
    m_Bits: 4294967295
  m_CallbackLayers:
    serializedVersion: 2
    m_Bits: 4294967295
  m_IsTrigger: 1
  m_UsedByEffector: 0
  m_UsedByComposite: 0
  m_Offset: {x: 0, y: 0}
  m_SpriteTilingProperty:
    border: {x: 0, y: 0, z: 0, w: 0}
    pivot: {x: 0, y: 0}
    oldSize: {x: 0, y: 0}
    newSize: {x: 0, y: 0}
    adaptiveTilingThreshold: 0
    drawMode: 0
    adaptiveTiling: 0
  m_AutoTiling: 0
  serializedVersion: 2
  m_Size: {x: 2, y: 4}
  m_EdgeRadius: 0
--- !u!114 &3328746965633924259
MonoBehaviour:
  m_ObjectHideFlags: 0
  m_CorrespondingSourceObject: {fileID: 0}
  m_PrefabInstance: {fileID: 0}
  m_PrefabAsset: {fileID: 0}
  m_GameObject: {fileID: 8942510308751657941}
  m_Enabled: 1
  m_EditorHideFlags: 0
  m_Script: {fileID: 11500000, guid: 8aca6719aa564efdbd629113c0fa7e15, type: 3}
  m_Name: 
  m_EditorClassIdentifier: 
  targetLayerMask:
    serializedVersion: 2
    m_Bits: 512
  numberOfActivation: 1
  disableOnTrigger: 1
  delayDuration: 0
  activationBeginFeedback: {fileID: 0}
  activationFeedback: {fileID: 0}
  onEnterTrigger:
    m_PersistentCalls:
      m_Calls:
      - m_Target: {fileID: 3916947934817613507}
        m_TargetAssemblyTypeName: MoreMountains.CorgiEngine.MovingPlatform, MoreMountains.CorgiEngine
        m_MethodName: AuthorizeMovement
        m_Mode: 1
        m_Arguments:
          m_ObjectArgument: {fileID: 0}
          m_ObjectArgumentAssemblyTypeName: UnityEngine.Object, UnityEngine
          m_IntArgument: 0
          m_FloatArgument: 0
          m_StringArgument: 
          m_BoolArgument: 0
        m_CallState: 2
--- !u!1001 &812281494452355227
PrefabInstance:
  m_ObjectHideFlags: 0
  serializedVersion: 2
  m_Modification:
    serializedVersion: 3
    m_TransformParent: {fileID: 0}
    m_Modifications:
    - target: {fileID: 711674219689447085, guid: ed170c63cce12aa4cb08090cd1be66cb,
        type: 3}
      propertyPath: m_LocalPosition.x
      value: 5.12
      objectReference: {fileID: 0}
    - target: {fileID: 711674219689447085, guid: ed170c63cce12aa4cb08090cd1be66cb,
        type: 3}
      propertyPath: m_LocalPosition.y
      value: -0.9599999
      objectReference: {fileID: 0}
    - target: {fileID: 711674219689447085, guid: ed170c63cce12aa4cb08090cd1be66cb,
        type: 3}
      propertyPath: m_LocalPosition.z
      value: 0
      objectReference: {fileID: 0}
    - target: {fileID: 711674219689447085, guid: ed170c63cce12aa4cb08090cd1be66cb,
        type: 3}
      propertyPath: m_LocalRotation.w
      value: 1
      objectReference: {fileID: 0}
    - target: {fileID: 711674219689447085, guid: ed170c63cce12aa4cb08090cd1be66cb,
        type: 3}
      propertyPath: m_LocalRotation.x
      value: 0
      objectReference: {fileID: 0}
    - target: {fileID: 711674219689447085, guid: ed170c63cce12aa4cb08090cd1be66cb,
        type: 3}
      propertyPath: m_LocalRotation.y
      value: 0
      objectReference: {fileID: 0}
    - target: {fileID: 711674219689447085, guid: ed170c63cce12aa4cb08090cd1be66cb,
        type: 3}
      propertyPath: m_LocalRotation.z
      value: 0
      objectReference: {fileID: 0}
    - target: {fileID: 711674219689447085, guid: ed170c63cce12aa4cb08090cd1be66cb,
        type: 3}
      propertyPath: m_LocalEulerAnglesHint.x
      value: 0
      objectReference: {fileID: 0}
    - target: {fileID: 711674219689447085, guid: ed170c63cce12aa4cb08090cd1be66cb,
        type: 3}
      propertyPath: m_LocalEulerAnglesHint.y
      value: -0
      objectReference: {fileID: 0}
    - target: {fileID: 711674219689447085, guid: ed170c63cce12aa4cb08090cd1be66cb,
        type: 3}
      propertyPath: m_LocalEulerAnglesHint.z
      value: -0
      objectReference: {fileID: 0}
    - target: {fileID: 717498505000550420, guid: ed170c63cce12aa4cb08090cd1be66cb,
        type: 3}
      propertyPath: m_Name
      value: Goal Moving
      objectReference: {fileID: 0}
    m_RemovedComponents: []
    m_RemovedGameObjects: []
    m_AddedGameObjects:
    - targetCorrespondingSourceObject: {fileID: 711674219689447085, guid: ed170c63cce12aa4cb08090cd1be66cb,
        type: 3}
      insertIndex: -1
      addedObject: {fileID: 8719428988451321210}
    m_AddedComponents:
    - targetCorrespondingSourceObject: {fileID: 717498505000550420, guid: ed170c63cce12aa4cb08090cd1be66cb,
        type: 3}
      insertIndex: -1
      addedObject: {fileID: 3916947934817613507}
  m_SourcePrefab: {fileID: 100100000, guid: ed170c63cce12aa4cb08090cd1be66cb, type: 3}
--- !u!4 &190719472499183158 stripped
Transform:
  m_CorrespondingSourceObject: {fileID: 711674219689447085, guid: ed170c63cce12aa4cb08090cd1be66cb,
    type: 3}
  m_PrefabInstance: {fileID: 812281494452355227}
  m_PrefabAsset: {fileID: 0}
--- !u!1 &193897370492747919 stripped
GameObject:
  m_CorrespondingSourceObject: {fileID: 717498505000550420, guid: ed170c63cce12aa4cb08090cd1be66cb,
    type: 3}
  m_PrefabInstance: {fileID: 812281494452355227}
  m_PrefabAsset: {fileID: 0}
--- !u!114 &3916947934817613507
MonoBehaviour:
  m_ObjectHideFlags: 0
  m_CorrespondingSourceObject: {fileID: 0}
  m_PrefabInstance: {fileID: 0}
  m_PrefabAsset: {fileID: 0}
  m_GameObject: {fileID: 193897370492747919}
  m_Enabled: 1
  m_EditorHideFlags: 0
  m_Script: {fileID: 11500000, guid: 2e9a0571a618b5d4680ffd26656dbde7, type: 3}
  m_Name: 
  m_EditorClassIdentifier: 
  CycleOption: 2
  LoopInitialMovementDirection: 0
  PathElements:
  - PathElementPosition: {x: 0, y: 0, z: 0}
    Delay: 0
  - PathElementPosition: {x: 2.24, y: 1.6, z: 0}
    Delay: 1
  - PathElementPosition: {x: 2.24, y: 0, z: 0}
    Delay: 0
  AlignmentMode: 0
  MovementSpeed: 10
  AccelerationType: 0
  Acceleration:
    serializedVersion: 2
    m_Curve:
    - serializedVersion: 3
      time: 0
      value: 1
      inSlope: 0
      outSlope: 0
      tangentMode: 0
      weightedMode: 0
      inWeight: 0
      outWeight: 0
    - serializedVersion: 3
      time: 1
      value: 0
      inSlope: 0
      outSlope: 0
      tangentMode: 0
      weightedMode: 0
      inWeight: 0
      outWeight: 0
    m_PreInfinity: 2
    m_PostInfinity: 2
    m_RotationOrder: 4
  UpdateMode: 0
  MinDistanceToGoal: 0.001
  OnlyMovesWhenPlayerIsColliding: 0
  OnlyMovesWhenCharacterIsColliding: 0
  ResetPositionWhenPlayerRespawns: 0
  ScriptActivated: 1
  StartMovingWhenPlayerIsColliding: 0
  ToggleButton: 0
  ChangeDirectionButton: 0
  ResetEndReachedButton: 0
  MoveTowardsStartButton: 0
  MoveTowardsEndButton: 0
  PointReachedFeedback: {fileID: 0}
  EndReachedFeedback: {fileID: 0}
  OnCharacterEnter:
    m_PersistentCalls:
      m_Calls: []
  OnCharacterExit:
    m_PersistentCalls:
      m_Calls: []
