%YAML 1.1
%TAG !u! tag:unity3d.com,2011:
--- !u!1 &1998975953175288851
GameObject:
  m_ObjectHideFlags: 0
  m_CorrespondingSourceObject: {fileID: 0}
  m_PrefabInstance: {fileID: 0}
  m_PrefabAsset: {fileID: 0}
  serializedVersion: 6
  m_Component:
  - component: {fileID: 6342501696212061826}
  - component: {fileID: 4291975286830941357}
  - component: {fileID: 7212647845892478815}
  m_Layer: 0
  m_Name: trigger zone
  m_TagString: Untagged
  m_Icon: {fileID: 0}
  m_NavMeshLayer: 0
  m_StaticEditorFlags: 0
  m_IsActive: 1
--- !u!4 &6342501696212061826
Transform:
  m_ObjectHideFlags: 0
  m_CorrespondingSourceObject: {fileID: 0}
  m_PrefabInstance: {fileID: 0}
  m_PrefabAsset: {fileID: 0}
  m_GameObject: {fileID: 1998975953175288851}
  serializedVersion: 2
  m_LocalRotation: {x: -0, y: -0, z: -0, w: 1}
  m_LocalPosition: {x: -0.15999985, y: 1.44, z: 0}
  m_LocalScale: {x: 1, y: 1, z: 1}
  m_ConstrainProportionsScale: 0
  m_Children: []
  m_Father: {fileID: 7340591079007062635}
  m_LocalEulerAnglesHint: {x: 0, y: 0, z: 0}
--- !u!61 &4291975286830941357
BoxCollider2D:
  m_ObjectHideFlags: 0
  m_CorrespondingSourceObject: {fileID: 0}
  m_PrefabInstance: {fileID: 0}
  m_PrefabAsset: {fileID: 0}
  m_GameObject: {fileID: 1998975953175288851}
  m_Enabled: 1
  m_Density: 1
  m_Material: {fileID: 0}
  m_IncludeLayers:
    serializedVersion: 2
    m_Bits: 0
  m_ExcludeLayers:
    serializedVersion: 2
    m_Bits: 0
  m_LayerOverridePriority: 0
  m_ForceSendLayers:
    serializedVersion: 2
    m_Bits: 4294967295
  m_ForceReceiveLayers:
    serializedVersion: 2
    m_Bits: 4294967295
  m_ContactCaptureLayers:
    serializedVersion: 2
    m_Bits: 4294967295
  m_CallbackLayers:
    serializedVersion: 2
    m_Bits: 4294967295
  m_IsTrigger: 1
  m_UsedByEffector: 0
  m_UsedByComposite: 0
  m_Offset: {x: 0, y: 0}
  m_SpriteTilingProperty:
    border: {x: 0, y: 0, z: 0, w: 0}
    pivot: {x: 0, y: 0}
    oldSize: {x: 0, y: 0}
    newSize: {x: 0, y: 0}
    adaptiveTilingThreshold: 0
    drawMode: 0
    adaptiveTiling: 0
  m_AutoTiling: 0
  serializedVersion: 2
  m_Size: {x: 0.96, y: 0.96}
  m_EdgeRadius: 0
--- !u!114 &7212647845892478815
MonoBehaviour:
  m_ObjectHideFlags: 0
  m_CorrespondingSourceObject: {fileID: 0}
  m_PrefabInstance: {fileID: 0}
  m_PrefabAsset: {fileID: 0}
  m_GameObject: {fileID: 1998975953175288851}
  m_Enabled: 1
  m_EditorHideFlags: 0
  m_Script: {fileID: 11500000, guid: 8aca6719aa564efdbd629113c0fa7e15, type: 3}
  m_Name: 
  m_EditorClassIdentifier: 
  targetLayerMask:
    serializedVersion: 2
    m_Bits: 512
  numberOfActivation: 1
  disableOnTrigger: 0
  delayDuration: 0
  activationBeginFeedback: {fileID: 0}
  activationFeedback: {fileID: 0}
  onEnterTrigger:
    m_PersistentCalls:
      m_Calls:
      - m_Target: {fileID: 7193027955550239815}
        m_TargetAssemblyTypeName: MoreMountains.Feedbacks.MMF_Player, MoreMountains.Feedbacks
        m_MethodName: PlayFeedbacks
        m_Mode: 1
        m_Arguments:
          m_ObjectArgument: {fileID: 0}
          m_ObjectArgumentAssemblyTypeName: UnityEngine.Object, UnityEngine
          m_IntArgument: 0
          m_FloatArgument: 0
          m_StringArgument: 
          m_BoolArgument: 0
        m_CallState: 2
      - m_Target: {fileID: 3712937251862512107}
        m_TargetAssemblyTypeName: MoreMountains.CorgiEngine.MovingPlatform, MoreMountains.CorgiEngine
        m_MethodName: AuthorizeMovement
        m_Mode: 1
        m_Arguments:
          m_ObjectArgument: {fileID: 0}
          m_ObjectArgumentAssemblyTypeName: UnityEngine.Object, UnityEngine
          m_IntArgument: 0
          m_FloatArgument: 0
          m_StringArgument: 
          m_BoolArgument: 0
        m_CallState: 2
--- !u!1 &3502051575937448376
GameObject:
  m_ObjectHideFlags: 0
  m_CorrespondingSourceObject: {fileID: 0}
  m_PrefabInstance: {fileID: 0}
  m_PrefabAsset: {fileID: 0}
  serializedVersion: 6
  m_Component:
  - component: {fileID: 7706171745969747352}
  - component: {fileID: 5044146818898042191}
  - component: {fileID: 7193027955550239815}
  m_Layer: 0
  m_Name: Trap Fall Feedback
  m_TagString: Untagged
  m_Icon: {fileID: 0}
  m_NavMeshLayer: 0
  m_StaticEditorFlags: 0
  m_IsActive: 1
--- !u!4 &7706171745969747352
Transform:
  m_ObjectHideFlags: 0
  m_CorrespondingSourceObject: {fileID: 0}
  m_PrefabInstance: {fileID: 0}
  m_PrefabAsset: {fileID: 0}
  m_GameObject: {fileID: 3502051575937448376}
  serializedVersion: 2
  m_LocalRotation: {x: 0, y: 0, z: 0, w: 1}
  m_LocalPosition: {x: 0, y: 0, z: 0}
  m_LocalScale: {x: 1, y: 1, z: 1}
  m_ConstrainProportionsScale: 0
  m_Children: []
  m_Father: {fileID: 7340591079007062635}
  m_LocalEulerAnglesHint: {x: 0, y: -0, z: -0}
--- !u!82 &5044146818898042191
AudioSource:
  m_ObjectHideFlags: 0
  m_CorrespondingSourceObject: {fileID: 0}
  m_PrefabInstance: {fileID: 0}
  m_PrefabAsset: {fileID: 0}
  m_GameObject: {fileID: 3502051575937448376}
  m_Enabled: 1
  serializedVersion: 4
  OutputAudioMixerGroup: {fileID: -3165942800488051908, guid: 7e984f512e89b60468e829489e8883e3,
    type: 2}
  m_audioClip: {fileID: 8300000, guid: 8ab8eb99b9e359142b36bbc687ad8811, type: 3}
  m_PlayOnAwake: 0
  m_Volume: 1
  m_Pitch: 1
  Loop: 0
  Mute: 0
  Spatialize: 0
  SpatializePostEffects: 0
  Priority: 128
  DopplerLevel: 1
  MinDistance: 1
  MaxDistance: 500
  Pan2D: 0
  rolloffMode: 0
  BypassEffects: 0
  BypassListenerEffects: 0
  BypassReverbZones: 0
  rolloffCustomCurve:
    serializedVersion: 2
    m_Curve:
    - serializedVersion: 3
      time: 0
      value: 1
      inSlope: 0
      outSlope: 0
      tangentMode: 0
      weightedMode: 0
      inWeight: 0.33333334
      outWeight: 0.33333334
    - serializedVersion: 3
      time: 1
      value: 0
      inSlope: 0
      outSlope: 0
      tangentMode: 0
      weightedMode: 0
      inWeight: 0.33333334
      outWeight: 0.33333334
    m_PreInfinity: 2
    m_PostInfinity: 2
    m_RotationOrder: 4
  panLevelCustomCurve:
    serializedVersion: 2
    m_Curve:
    - serializedVersion: 3
      time: 0
      value: 0
      inSlope: 0
      outSlope: 0
      tangentMode: 0
      weightedMode: 0
      inWeight: 0.33333334
      outWeight: 0.33333334
    m_PreInfinity: 2
    m_PostInfinity: 2
    m_RotationOrder: 4
  spreadCustomCurve:
    serializedVersion: 2
    m_Curve:
    - serializedVersion: 3
      time: 0
      value: 0
      inSlope: 0
      outSlope: 0
      tangentMode: 0
      weightedMode: 0
      inWeight: 0.33333334
      outWeight: 0.33333334
    m_PreInfinity: 2
    m_PostInfinity: 2
    m_RotationOrder: 4
  reverbZoneMixCustomCurve:
    serializedVersion: 2
    m_Curve:
    - serializedVersion: 3
      time: 0
      value: 1
      inSlope: 0
      outSlope: 0
      tangentMode: 0
      weightedMode: 0
      inWeight: 0.33333334
      outWeight: 0.33333334
    m_PreInfinity: 2
    m_PostInfinity: 2
    m_RotationOrder: 4
--- !u!114 &7193027955550239815
MonoBehaviour:
  m_ObjectHideFlags: 0
  m_CorrespondingSourceObject: {fileID: 0}
  m_PrefabInstance: {fileID: 0}
  m_PrefabAsset: {fileID: 0}
  m_GameObject: {fileID: 3502051575937448376}
  m_Enabled: 1
  m_EditorHideFlags: 0
  m_Script: {fileID: 11500000, guid: 6da43522623d4704e979466dc7650b65, type: 3}
  m_Name: 
  m_EditorClassIdentifier: 
  Feedbacks: []
  InitializationMode: 2
  AutoInitialization: 1
  SafeMode: 3
  Direction: 0
  AutoChangeDirectionOnEnd: 0
  AutoPlayOnStart: 0
  AutoPlayOnEnable: 0
  ForceTimescaleMode: 0
  ForcedTimescaleMode: 1
  DurationMultiplier: 1
  RandomizeDuration: 0
  RandomDurationMultiplier: {x: 0.5, y: 1.5}
  DisplayFullDurationDetails: 0
  PlayerTimescaleMode: 1
  OnlyPlayIfWithinRange: 0
  RangeCenter: {fileID: 0}
  RangeDistance: 5
  UseRangeFalloff: 0
  RangeFalloff:
    serializedVersion: 2
    m_Curve:
    - serializedVersion: 3
      time: 0
      value: 1
      inSlope: 0
      outSlope: 0
      tangentMode: 0
      weightedMode: 0
      inWeight: 0
      outWeight: 0
    - serializedVersion: 3
      time: 1
      value: 0
      inSlope: 0
      outSlope: 0
      tangentMode: 0
      weightedMode: 0
      inWeight: 0
      outWeight: 0
    m_PreInfinity: 2
    m_PostInfinity: 2
    m_RotationOrder: 4
  RemapRangeFalloff: {x: 0, y: 1}
  IgnoreRangeEvents: 0
  CooldownDuration: 0
  InitialDelay: 0
  CanPlay: 1
  CanPlayWhileAlreadyPlaying: 1
  ChanceToPlay: 100
  FeedbacksIntensity: 1
  Events:
    TriggerMMFeedbacksEvents: 0
    TriggerUnityEvents: 1
    OnPlay:
      m_PersistentCalls:
        m_Calls: []
    OnPause:
      m_PersistentCalls:
        m_Calls: []
    OnResume:
      m_PersistentCalls:
        m_Calls: []
    OnRevert:
      m_PersistentCalls:
        m_Calls: []
    OnComplete:
      m_PersistentCalls:
        m_Calls: []
    OnRestoreInitialValues:
      m_PersistentCalls:
        m_Calls: []
    OnSkipToTheEnd:
      m_PersistentCalls:
        m_Calls: []
  DebugActive: 0
  FeedbacksList:
  - rid: 584268431775236096
  KeepPlayModeChanges: 0
  PerformanceMode: 0
  StopFeedbacksOnDisable: 0
  PlayCount: 0
  references:
    version: 2
    RefIds:
    - rid: 584268431775236096
      type: {class: MMF_AudioSource, ns: MoreMountains.Feedbacks, asm: MoreMountains.Feedbacks}
      data:
        Active: 1
        UniqueID: -1124174462
        Label: AudioSource
        ChannelMode: 0
        Channel: 0
        MMChannelDefinition: {fileID: 0}
        Chance: 100
        DisplayColor: {r: 0, g: 0, b: 0, a: 1}
        Timing:
          TimescaleMode: 0
          ExcludeFromHoldingPauses: 0
          ContributeToTotalDuration: 1
          InitialDelay: 0
          CooldownDuration: 0
          InterruptsOnStop: 1
          NumberOfRepeats: 0
          RepeatForever: 0
          DelayBetweenRepeats: 1
          MMFeedbacksDirectionCondition: 0
          PlayDirection: 0
          ConstantIntensity: 0
          UseIntensityInterval: 0
          IntensityIntervalMin: 0
          IntensityIntervalMax: 0
          Sequence: {fileID: 0}
          TrackID: 0
          Quantized: 0
          TargetBPM: 120
        AutomatedTargetAcquisition:
          Mode: 0
          ChildIndex: 0
        RandomizeOutput: 0
        RandomMultiplier: {x: 0.8, y: 1}
        RandomizeDuration: 0
        RandomDurationMultiplier: {x: 0.5, y: 2}
        UseRange: 0
        RangeDistance: 5
        UseRangeFalloff: 0
        RangeFalloff:
          serializedVersion: 2
          m_Curve:
          - serializedVersion: 3
            time: 0
            value: 1
            inSlope: 0
            outSlope: 0
            tangentMode: 0
            weightedMode: 0
            inWeight: 0
            outWeight: 0
          - serializedVersion: 3
            time: 1
            value: 0
            inSlope: 0
            outSlope: 0
            tangentMode: 0
            weightedMode: 0
            inWeight: 0
            outWeight: 0
          m_PreInfinity: 2
          m_PostInfinity: 2
          m_RotationOrder: 4
        RemapRangeFalloff: {x: 0, y: 1}
        Owner: {fileID: 7193027955550239815}
        DebugActive: 0
        TargetAudioSource: {fileID: 5044146818898042191}
        Mode: 0
        RandomSfx:
        - {fileID: 8300000, guid: 8ab8eb99b9e359142b36bbc687ad8811, type: 3}
        MinVolume: 1
        MaxVolume: 1
        MinPitch: 1
        MaxPitch: 1
        SfxAudioMixerGroup: {fileID: -3165942800488051908, guid: 7e984f512e89b60468e829489e8883e3,
          type: 2}
--- !u!1001 &4359938935560233224
PrefabInstance:
  m_ObjectHideFlags: 0
  serializedVersion: 2
  m_Modification:
    serializedVersion: 3
    m_TransformParent: {fileID: 0}
    m_Modifications:
    - target: {fileID: 6434489498888383794, guid: 7fffb6b1d274efd41ae23eed78f5ba40,
        type: 3}
      propertyPath: m_Name
      value: teleporter move trigger
      objectReference: {fileID: 0}
    - target: {fileID: 6439753760673131363, guid: 7fffb6b1d274efd41ae23eed78f5ba40,
        type: 3}
      propertyPath: m_LocalPosition.x
      value: 0
      objectReference: {fileID: 0}
    - target: {fileID: 6439753760673131363, guid: 7fffb6b1d274efd41ae23eed78f5ba40,
        type: 3}
      propertyPath: m_LocalPosition.y
      value: 0
      objectReference: {fileID: 0}
    - target: {fileID: 6439753760673131363, guid: 7fffb6b1d274efd41ae23eed78f5ba40,
        type: 3}
      propertyPath: m_LocalPosition.z
      value: 0
      objectReference: {fileID: 0}
    - target: {fileID: 6439753760673131363, guid: 7fffb6b1d274efd41ae23eed78f5ba40,
        type: 3}
      propertyPath: m_LocalRotation.w
      value: 1
      objectReference: {fileID: 0}
    - target: {fileID: 6439753760673131363, guid: 7fffb6b1d274efd41ae23eed78f5ba40,
        type: 3}
      propertyPath: m_LocalRotation.x
      value: -0
      objectReference: {fileID: 0}
    - target: {fileID: 6439753760673131363, guid: 7fffb6b1d274efd41ae23eed78f5ba40,
        type: 3}
      propertyPath: m_LocalRotation.y
      value: -0
      objectReference: {fileID: 0}
    - target: {fileID: 6439753760673131363, guid: 7fffb6b1d274efd41ae23eed78f5ba40,
        type: 3}
      propertyPath: m_LocalRotation.z
      value: -0
      objectReference: {fileID: 0}
    - target: {fileID: 6439753760673131363, guid: 7fffb6b1d274efd41ae23eed78f5ba40,
        type: 3}
      propertyPath: m_LocalEulerAnglesHint.x
      value: 0
      objectReference: {fileID: 0}
    - target: {fileID: 6439753760673131363, guid: 7fffb6b1d274efd41ae23eed78f5ba40,
        type: 3}
      propertyPath: m_LocalEulerAnglesHint.y
      value: 0
      objectReference: {fileID: 0}
    - target: {fileID: 6439753760673131363, guid: 7fffb6b1d274efd41ae23eed78f5ba40,
        type: 3}
      propertyPath: m_LocalEulerAnglesHint.z
      value: 0
      objectReference: {fileID: 0}
    m_RemovedComponents: []
    m_RemovedGameObjects: []
    m_AddedGameObjects:
    - targetCorrespondingSourceObject: {fileID: 6439753760673131363, guid: 7fffb6b1d274efd41ae23eed78f5ba40,
        type: 3}
      insertIndex: -1
      addedObject: {fileID: 6342501696212061826}
    - targetCorrespondingSourceObject: {fileID: 6439753760673131363, guid: 7fffb6b1d274efd41ae23eed78f5ba40,
        type: 3}
      insertIndex: -1
      addedObject: {fileID: 7706171745969747352}
    m_AddedComponents:
    - targetCorrespondingSourceObject: {fileID: 6434489498888383794, guid: 7fffb6b1d274efd41ae23eed78f5ba40,
        type: 3}
      insertIndex: -1
      addedObject: {fileID: 3712937251862512107}
  m_SourcePrefab: {fileID: 100100000, guid: 7fffb6b1d274efd41ae23eed78f5ba40, type: 3}
--- !u!1 &7334810488876780602 stripped
GameObject:
  m_CorrespondingSourceObject: {fileID: 6434489498888383794, guid: 7fffb6b1d274efd41ae23eed78f5ba40,
    type: 3}
  m_PrefabInstance: {fileID: 4359938935560233224}
  m_PrefabAsset: {fileID: 0}
--- !u!114 &3712937251862512107
MonoBehaviour:
  m_ObjectHideFlags: 0
  m_CorrespondingSourceObject: {fileID: 0}
  m_PrefabInstance: {fileID: 0}
  m_PrefabAsset: {fileID: 0}
  m_GameObject: {fileID: 7334810488876780602}
  m_Enabled: 1
  m_EditorHideFlags: 0
  m_Script: {fileID: 11500000, guid: 2e9a0571a618b5d4680ffd26656dbde7, type: 3}
  m_Name: 
  m_EditorClassIdentifier: 
  CycleOption: 2
  LoopInitialMovementDirection: 0
  PathElements:
  - PathElementPosition: {x: 0, y: 0, z: 0}
    Delay: 0
  - PathElementPosition: {x: 1.28, y: 0, z: 0}
    Delay: 0
  AlignmentMode: 0
  MovementSpeed: 10
  AccelerationType: 0
  Acceleration:
    serializedVersion: 2
    m_Curve:
    - serializedVersion: 3
      time: 0
      value: 1
      inSlope: 0
      outSlope: 0
      tangentMode: 0
      weightedMode: 0
      inWeight: 0
      outWeight: 0
    - serializedVersion: 3
      time: 1
      value: 0
      inSlope: 0
      outSlope: 0
      tangentMode: 0
      weightedMode: 0
      inWeight: 0
      outWeight: 0
    m_PreInfinity: 2
    m_PostInfinity: 2
    m_RotationOrder: 4
  UpdateMode: 0
  MinDistanceToGoal: 0.1
  OnlyMovesWhenPlayerIsColliding: 0
  OnlyMovesWhenCharacterIsColliding: 0
  ResetPositionWhenPlayerRespawns: 0
  ScriptActivated: 1
  StartMovingWhenPlayerIsColliding: 0
  ToggleButton: 0
  ChangeDirectionButton: 0
  ResetEndReachedButton: 0
  MoveTowardsStartButton: 0
  MoveTowardsEndButton: 0
  PointReachedFeedback: {fileID: 0}
  EndReachedFeedback: {fileID: 0}
  OnCharacterEnter:
    m_PersistentCalls:
      m_Calls: []
  OnCharacterExit:
    m_PersistentCalls:
      m_Calls: []
--- !u!4 &7340591079007062635 stripped
Transform:
  m_CorrespondingSourceObject: {fileID: 6439753760673131363, guid: 7fffb6b1d274efd41ae23eed78f5ba40,
    type: 3}
  m_PrefabInstance: {fileID: 4359938935560233224}
  m_PrefabAsset: {fileID: 0}
